@thesis{Hegyhati,
	author = {Hegyháti, Máté}, 
	title = {Batch Process Scheduling: Extensions of the S-graph Framework},
	year = {2015},
	school = {Doctoral School of Information Science and Technology - University of Pannonia}
}

@article{combtech,
	author = {E. Sanmarti and F. Friedler and L. Puigjaner},
	title = {Combinatorial technique for short term scheduling of 			multipurpose batch plants based on schedule-graph representation},
	journal = "Computers \& Chemical Engineering",
	volume = 22,
	pages = {S847 - S850},
	year = {1998},
	note = {European Symposium on Computer Aided Process Engineering-8},
	issn = {0098-1354}	
}

@article{combframe,
	author = {Sanmarti, E. and Holczinger, T. and Puigjaner, L. and Friedler, F.},
	title = {Combinatorial framework for effective scheduling of multipurpose batch plants},
	journal = {AIChE Journal},
	year = {2002},
	volume = {48},
 	pages = {2557--2570},
 	number = {11}
}

@article{majozifriedler,
	author = {Majozi, Thokozani and Friedler, Ferenc},
	title = {Maximization of Throughput in a Multipurpose Batch Plant under a Fixed Time Horizon: S-graph Approach},
	journal = {Industrial \& Engineering Chemistry Research},
	volume = {45},
	number = {20},
	pages = {6713-6720},
	year = {2006}
}

@article{holczinger,
	author = "Tibor Holczinger and Thokozani Majozi and Mate Hegyhati and Ferenc Friedler",
	title = "An automated algorithm for throughput maximization under fixed time horizon in multipurpose batch plants: S-Graph approach",
series = "Computer Aided Chemical Engineering",
	publisher = "Elsevier",
	volume = "24",
	pages = "649 - 654",
	year = "2007",
	booktitle = "17th European Symposium on Computer Aided Process Engineering",
	issn = "1570-7946"
}

@book{ganttwwf,
  Author = {H. L. Gantt},
  Title = {Work Wages and Profits},
  Publisher = {New York, The Engineering magazine co.},
  Year = {1913}
}
@book{ganttofw,
  Author = {H. L. Gantt},
  Title = {Organizing for work},
  Publisher = {New York : Harcourt, Brace and Howe},
  Year = {1919}
}


 

